Untuk setiap referensi, baris pertama (newton1687) merupakan label dan baris-baris berikutnya
merupakan atribut dari referensi yang akan digunakan. Umumnya, format referensi berikut sudah
disediakan oleh penyedia sumber referensi secara online dan bisa langsung ditaruh di sini.

Lihat https://www.bibtex.com/g/bibtex-format/ untuk informasi lebih lanjut mengenai format
BibTex yang digunakan pada file ini.

@article{newton1687,
  author  = {Isaac Newton},
  journal = {Philosophi√¶ Naturalis Principia Mathematica},
  title   = {Axioms or Laws of Motion},
  year    = {1687}
}

@misc{cetakbiruspacex,
  title   = {Cetak Biru Space X},
  url     = {https://id.pinterest.com/pin/344032859037191430/},
  urldate = {2021-05-18},
  year    = {2021}
}

@online{bps2023,
  author = {Badan Pusat Statistik},
  title = {Jumlah Kendaraan Bermotor Menurut Provinsi dan Jenis Kendaraan (unit)},
  year = {2023},
  url = {https://its.id/m/statistikbpsjumlahkendaraanbermotor2023},
  urldate = {2024-09-16},
  note = {Accessed: 16 September 2024},
  month = sep,
  day = 16
}

@article{odol2020,
  author = {Oktarinda, E and Prihutomo, N and Maulani, E},
  journal = {Construction and Material Journal},
  number = {1},
  title = {ANALISIS PENGARUH KENDARAAN \emph{ODOL} TERHADAP TINGKAT KECELAKAAN DI JALAN TOL},
  volume = {2},
  year = {2020}
}

@online{hubdat2024,
  author = {Kementerian Perhubungan Ditjen Hubdat},
  title = {Ditjen Hubdat Gelar FGD Transformasi Digital Dalam Pengawasan Kendaraan ODOL},
  year = {2024},
  url = {https://hubdat.dephub.go.id/id/publikasi/ditjen-hubdat-gelar-fgd-transformasi-digital-dalam-pengawasan-kendaraan-odol/},
  urldate = {2024-10-13},
  note = {Accessed: 13 October 2024},
  month = oct,
  day = 13
}

@article{prismadika2023,
  author = {Yuniar, Prismadika and Riasetiawan, Mardhani},
  title = {Truck Vehicle Detection on Video Using Tiny-YOLOv4 Method},
  journal = {IJCCS (Indonesian Journal of Computing and Cybernetics Systems)},
  volume = {17},
  number = {1},
  year = {2023},
  pages = {65--76},
  doi = {10.22146/ijccs.77798}
}

@article{hamayan2024,
  author = {Nabih, Ahmad Hamayan},
  title = {Real-time Overdimension Vehicle Detection System Using Deep Learning on Highways},
  journal = {International Journal of Computer Applications},
  volume = {184},
  number = {15},
  year = {2024},
  pages = {38--47}
}

@article{dolly2023,
  author = {Indra, Dolly and Prasetyo, Eko and Hariadi, Mochamad},
  title = {Implementation of Automatic Vehicle Counting System Based on Computer Vision},
  journal = {International Journal of Intelligent Systems and Applications in Engineering},
  volume = {11},
  number = {4},
  year = {2023},
  pages = {317--324}
}

@article{Priambudi2020Pre-study,
  title={Pre-study of the application of weigh-in-motion technology to enforcement of regulations on heavy-duty vehicles in Indonesia},
  author={B. N. Priambudi and M. Hadi and N. M. Ariani},
  journal={IOP Conference Series: Earth and Environmental Science},
  year={2020},
  volume={592},
  doi={10.1088/1755-1315/592/1/012008}
}

@article{rosenblatt1958perceptron,
  author = {Rosenblatt, Frank},
  title = {The Perceptron: A Probabilistic Model for Information Storage and Organization in the Brain},
  journal = {Psychological Review},
  volume = {65},
  number = {6},
  year = {1958},
  pages = {386--408}
}

@article{yannlecun1998,
  author = {LeCun, Yann and Bottou, Leon and Bengio, Yoshua and Haffner, Patrick},
  title = {Gradient-based learning applied to document recognition},
  journal = {Proceedings of the IEEE},
  volume = {86},
  number = {11},
  year = {1998},
  pages = {2278--2324}
}

@inproceedings{kaiminghe2015,
  author = {He, Kaiming and Zhang, Xiangyu and Ren, Shaoqing and Sun, Jian},
  title = {Deep Residual Learning for Image Recognition},
  booktitle = {Proceedings of the IEEE Conference on Computer Vision and Pattern Recognition},
  year = {2016},
  pages = {770--778}
}

@inproceedings{ioffe2015,
  author = {Ioffe, Sergey and Szegedy, Christian},
  title = {Batch Normalization: Accelerating Deep Network Training by Reducing Internal Covariate Shift},
  booktitle = {Proceedings of the 32nd International Conference on Machine Learning},
  year = {2015},
  pages = {448--456}
}

@inproceedings{szegedy2015,
  author = {Szegedy, Christian and Liu, Wei and Jia, Yangqing and Sermanet, Pierre and Reed, Scott and Anguelov, Dragomir and Erhan, Dumitru and Vanhoucke, Vincent and Rabinovich, Andrew},
  title = {Going Deeper with Convolutions},
  booktitle = {Proceedings of the IEEE Conference on Computer Vision and Pattern Recognition},
  year = {2015},
  pages = {1--9}
}

@article{Rahmaniar2021Real-Time,
  title={Real-Time Human Detection Using Deep Learning on Embedded Platforms: A Review},
  author={Wahyu Rahmaniar and Ari Hernawan},
  journal={Journal of Robotics and Control (JRC)},
  year={2021},
  doi={10.18196/26123}
}

@article{Chen2022Fast,
  title={Fast vehicle detection algorithm in traffic scene based on improved SSD},    
  author={Zhichao Chen and Hao-han Guo and Jie Yang and Haining Jiao and Zhicheng Feng and Lifang Chen and Tao Gao},
  journal={Measurement},
  year={2022},
  doi={10.1016/j.measurement.2022.111655}
}

@article{Chen2023Edge,
  title={Edge Intelligence Empowered Vehicle Detection and Image Segmentation for Autonomous Vehicles},
  author={Chen Chen and Chenyu Wang and B. Liu and Ci He and Lian-ri Cong and Shaohua Wan},
  journal={IEEE Transactions on Intelligent Transportation Systems},
  year={2023},
  volume={24},
  pages={13023-13034},
  doi={10.1109/TITS.2022.3232153}
}

@online{aws2024,
  author = {Amazon Web Services},
  title = {Apa itu Komputasi Edge?},
  year = {2024},
  url = {https://aws.amazon.com/id/what-is/edge-computing/},
  note = {Accessed: 3 December 2024},
  month = dec,
  day = 3
}

@online{google2024,
  author = {Google},
  title = {Flutter - Build Apps for Any Screen},
  year = {2024},
  url = {https://flutter.dev/},
  note = {Accessed: 4 December 2024},
  month = dec,
  day = 3
}

@manual{postgresql2025,
  author = {PostgreSQL Global Development Group},
  title = {PostgreSQL 17 Documentation},
  year = {2025},
  url = {https://www.postgresql.org/docs/17/index.html},
  note = {Accessed: 12 March 2025},
  month = dec,
  day = 17
}

@online{expressjs2024,
  author = {Express.js Team},
  title = {Express - Node.js web application framework},
  year = {2024},
  url = {https://expressjs.com/},
  note = {Accessed: 15 December 2024},
  month = dec,
  day = 15
}

@online{apache2024,
  author = {The Apache Software Foundation},
  title = {Apache HTTP Server Project},
  year = {2024},
  url = {https://httpd.apache.org/},
  note = {Accessed: 15 December 2024},
  month = dec,
  day = 15
}

@online{pm22024,
  author = {Keymetrics},
  title = {PM2 - Advanced, production process manager for Node.js},
  year = {2024},
  url = {https://pm2.keymetrics.io/},
  note = {Accessed: 15 December 2024},
  month = dec,
  day = 15
}

@techreport{kemenhub2015,
  author = {Kementerian Perhubungan Republik Indonesia},
  title = {Peraturan Menteri Perhubungan Nomor PM 134 Tahun 2015 tentang Penyelenggaraan Penimbangan Kendaraan Bermotor di Jalan},
  institution = {Kementerian Perhubungan},
  year = {2015},
  type = {Peraturan Menteri}
}

@techreport{kemenhub2016,
  author = {Kementerian Perhubungan Republik Indonesia},
  title = {Peraturan Menteri Perhubungan Nomor PM 134 Tahun 2016 tentang Uji Tipe Kendaraan Bermotor},
  institution = {Kementerian Perhubungan},
  year = {2016},
  type = {Peraturan Menteri}
}

@article{cebon1989assessment,
  title={Assessment of the Dynamic Wheel Forces Generated by Heavy Road Vehicles},
  author={Cebon, David},
  journal={Symposium on Heavy Vehicle Suspension Characteristics},
  pages={143--162},
  year={1989},
  publisher={Australian Road Research Board}
}

@book{huang2004pavement,
  title={Pavement Analysis and Design},
  author={Huang, Yang H},
  year={2004},
  edition={2},
  publisher={Pearson Prentice Hall},
  address={Upper Saddle River, NJ}
}

@techreport{ditjenhubdat2021,
  author = {Direktorat Jenderal Perhubungan Darat},
  title = {Pedoman Teknis Penyelenggaraan Pengujian Berkala Kendaraan Bermotor},
  institution = {Kementerian Perhubungan},
  year = {2021},
  type = {Pedoman Teknis}
}

@techreport{ppno55thn2012,
  author = {Pemerintah Republik Indonesia},
  institution = {Sekretariat Negara},
  title = {Peraturan Pemerintah Nomor 55 Tahun 2012},
  year = {2012}
}

@article{hariesanom2024,
  author = {Aji Nugroho, Haries Anom Susetyo and Sonhaji and Prasetyo, Andika Chandra},
  journal = {Jurnal BATIRSI},
  number = {1},
  title = {Evaluasi Kinerja Jaringan WiFi Mahasiswa: Analisis Throughput, Delay, Jitter, dan Packet Loss},
  volume = {8},
  year = {2024}
}

@article{Canziani2016An,
  title={An Analysis of Deep Neural Network Models for Practical Applications},
  author={A. Canziani and Adam Paszke and E. Culurciello},
  journal={ArXiv},
  year={2016},
  volume={abs/1605.07678},
  doi={}
}